<?xml version="1.0" encoding="utf-8"?>
<record xmlns="http://www.loc.gov/MARC21/slim" xmlns:xsi="http://www.w3.org/2001/XMLSchema-instance" xsi:schemaLocation="http://www.loc.gov/MARC21/slim http://www.loc.gov/standards/marcxml/schema/MARC21slim.xsd">
	<leader>     nam a22     Mi 4500</leader>
	<controlfield tag="001">b12559787</controlfield>
	<controlfield tag="003">UaCaAUL</controlfield>
	<controlfield tag="006">m        d        </controlfield>
	<controlfield tag="007">cr cn |||m|||a</controlfield>
	<controlfield tag="008">190222s1927    ua af   o     000 0 araod</controlfield>
	<datafield ind1=" " ind2=" " tag="040">
		<subfield code="a">ZYU</subfield>
		<subfield code="b">ara</subfield>
		<subfield code="e">rda</subfield>
		<subfield code="c">ZYU</subfield>
	</datafield>
	<datafield ind1=" " ind2=" " tag="090">
		<subfield code="a">BP70</subfield>
		<subfield code="b">.J95x 1927</subfield>
	</datafield>
	<datafield ind1="1" ind2=" " tag="100">
		<subfield code="6">880-01</subfield>
		<subfield code="a">Jumʻah, Muḥammad Luṭfī.</subfield>
	</datafield>
	<datafield ind1="1" ind2="0" tag="245">
		<subfield code="6">880-02</subfield>
		<subfield code="a">Tārīkh falāsifat al-Islām fī al-Mashriq wa-al-Maghrib :</subfield>
		<subfield code="b">al-Kindī, al-Fārābī, Ibn Sīnā, al-Ghazālī, Ibn Bājah, Ibn Ṭufayl, Ibn Rushd, Ibn Khaldūn, Ikhwān al-Ṣafāʼ, Ibn al-Haytham, Muḥyī al-Dīn Ibn al-ʻArabī, Ibn Maskawyah  /</subfield>
		<subfield code="c">taʼlīf Muḥammad Luṭfī Jumʻah.</subfield>
	</datafield>
	<datafield ind1=" " ind2="1" tag="264">
		<subfield code="6">880-03</subfield>
		<subfield code="a">Miṣr :</subfield>
		<subfield code="b">Yuṭlab min multazim ṭabʻih wa-nashrih Najīb Mitrī ṣāḥib maṭbaʻat al-Maʻārif wa-Maktabatiha,</subfield>
		<subfield code="c">1927 M, 1345 H.</subfield>
	</datafield>
	<datafield ind1=" " ind2=" " tag="300">
		<subfield code="a">online resource (17, 327 pages, 3 leaves of plates) :</subfield>
		<subfield code="b">illustrations</subfield>
	</datafield>
	<datafield ind1=" " ind2=" " tag="336">
		<subfield code="a">text</subfield>
		<subfield code="2">rdacontent</subfield>
	</datafield>
	<datafield ind1=" " ind2=" " tag="337">
		<subfield code="a">computer</subfield>
		<subfield code="2">rdamedia</subfield>
	</datafield>
	<datafield ind1=" " ind2=" " tag="338">
		<subfield code="a">online resource</subfield>
		<subfield code="2">rdacarrier</subfield>
	</datafield>
	<datafield ind1=" " ind2=" " tag="500">
		<subfield code="a">Part of the Arabic Collections Online (ACO) project, contributed by American University in Cairo Library.</subfield>
	</datafield>
	<datafield ind1=" " ind2=" " tag="520">
		<subfield code="a">An account of Islamic philosophers and their works.</subfield>
	</datafield>
	<datafield ind1=" " ind2=" " tag="533">
		<subfield code="a">Electronic reproduction.</subfield>
		<subfield code="b">New York, N.Y. :</subfield>
		<subfield code="c">New York University,</subfield>
		<subfield code="d">2019.</subfield>
		<subfield code="5">NNU</subfield>
	</datafield>
	<datafield ind1="0" ind2="0" tag="600">
		<subfield code="a">Kindī,</subfield>
		<subfield code="d">-approximately 873.</subfield>
	</datafield>
	<datafield ind1="0" ind2="0" tag="600">
		<subfield code="a">Fārābī.</subfield>
	</datafield>
	<datafield ind1="0" ind2="0" tag="600">
		<subfield code="a">Avicenna,</subfield>
		<subfield code="d">980-1037.</subfield>
	</datafield>
	<datafield ind1="0" ind2="0" tag="600">
		<subfield code="a">Ghazzālī,</subfield>
		<subfield code="d">1058-1111.</subfield>
	</datafield>
	<datafield ind1="0" ind2="0" tag="600">
		<subfield code="a">Avempace,</subfield>
		<subfield code="d">-1138 or 1139.</subfield>
	</datafield>
	<datafield ind1="1" ind2="0" tag="600">
		<subfield code="a">Ibn Ṭufayl, Muḥammad ibn ʻAbd al-Malik,</subfield>
		<subfield code="d">-1185.</subfield>
	</datafield>
	<datafield ind1="0" ind2="0" tag="600">
		<subfield code="a">Averroës,</subfield>
		<subfield code="d">1126-1198.</subfield>
	</datafield>
	<datafield ind1="0" ind2="0" tag="600">
		<subfield code="a">Ibn Khaldūn,</subfield>
		<subfield code="d">1332-1406.</subfield>
	</datafield>
	<datafield ind1="1" ind2="0" tag="600">
		<subfield code="a">Akhavān, Ṣafā.</subfield>
	</datafield>
	<datafield ind1="0" ind2="0" tag="600">
		<subfield code="a">Alhazen,</subfield>
		<subfield code="d">965-1039.</subfield>
	</datafield>
	<datafield ind1="0" ind2="0" tag="600">
		<subfield code="a">Ibn al-ʻArabī,</subfield>
		<subfield code="d">1165-1240.</subfield>
	</datafield>
	<datafield ind1="1" ind2="0" tag="600">
		<subfield code="a">Ibn Miskawayh, Aḥmad ibn Muḥammad,</subfield>
		<subfield code="d">-1030.</subfield>
	</datafield>
	<datafield ind1="0" ind2="7" tag="600">
		<subfield code="a">Alhazen,</subfield>
		<subfield code="d">965-1039</subfield>
		<subfield code="2">fast</subfield>
		<subfield code="0">(OCoLC)fst00069332</subfield>
	</datafield>
	<datafield ind1="0" ind2="7" tag="600">
		<subfield code="a">Avempace,</subfield>
		<subfield code="d">-1138 or 1139</subfield>
		<subfield code="2">fast</subfield>
		<subfield code="0">(OCoLC)fst01805951</subfield>
	</datafield>
	<datafield ind1="0" ind2="7" tag="600">
		<subfield code="a">Averroës,</subfield>
		<subfield code="d">1126-1198</subfield>
		<subfield code="2">fast</subfield>
		<subfield code="0">(OCoLC)fst00069334</subfield>
	</datafield>
	<datafield ind1="0" ind2="7" tag="600">
		<subfield code="a">Avicenna,</subfield>
		<subfield code="d">980-1037</subfield>
		<subfield code="2">fast</subfield>
		<subfield code="0">(OCoLC)fst00048418</subfield>
	</datafield>
	<datafield ind1="0" ind2="7" tag="600">
		<subfield code="a">Fārābī</subfield>
		<subfield code="2">fast</subfield>
		<subfield code="0">(OCoLC)fst00064544</subfield>
	</datafield>
	<datafield ind1="0" ind2="7" tag="600">
		<subfield code="a">Ghazzālī,</subfield>
		<subfield code="d">1058-1111</subfield>
		<subfield code="2">fast</subfield>
		<subfield code="0">(OCoLC)fst00095924</subfield>
	</datafield>
	<datafield ind1="0" ind2="7" tag="600">
		<subfield code="a">Ibn al-ʻArabī,</subfield>
		<subfield code="d">1165-1240</subfield>
		<subfield code="2">fast</subfield>
		<subfield code="0">(OCoLC)fst00019726</subfield>
	</datafield>
	<datafield ind1="0" ind2="7" tag="600">
		<subfield code="a">Ibn Khaldūn,</subfield>
		<subfield code="d">1332-1406</subfield>
		<subfield code="2">fast</subfield>
		<subfield code="0">(OCoLC)fst00017753</subfield>
	</datafield>
	<datafield ind1="1" ind2="7" tag="600">
		<subfield code="a">Ibn Miskawayh, Aḥmad ibn Muḥammad,</subfield>
		<subfield code="d">-1030</subfield>
		<subfield code="2">fast</subfield>
		<subfield code="0">(OCoLC)fst01825509</subfield>
	</datafield>
	<datafield ind1="1" ind2="7" tag="600">
		<subfield code="a">Ibn Ṭufayl, Muḥammad ibn ʻAbd al-Malik,</subfield>
		<subfield code="d">-1185</subfield>
		<subfield code="2">fast</subfield>
		<subfield code="0">(OCoLC)fst01825565</subfield>
	</datafield>
	<datafield ind1="0" ind2="7" tag="600">
		<subfield code="a">Kindī,</subfield>
		<subfield code="d">-approximately 873</subfield>
		<subfield code="2">fast</subfield>
		<subfield code="0">(OCoLC)fst01828754</subfield>
	</datafield>
	<datafield ind1=" " ind2="0" tag="650">
		<subfield code="a">Philosophy, Arab.</subfield>
	</datafield>
	<datafield ind1=" " ind2="0" tag="650">
		<subfield code="a">Islamic philosophy.</subfield>
	</datafield>
	<datafield ind1=" " ind2="0" tag="650">
		<subfield code="a">Muslim philosophers</subfield>
		<subfield code="v">Bibliography.</subfield>
	</datafield>
	<datafield ind1=" " ind2="7" tag="650">
		<subfield code="a">Islamic philosophy.</subfield>
		<subfield code="2">fast</subfield>
		<subfield code="0">(OCoLC)fst01730358</subfield>
	</datafield>
	<datafield ind1=" " ind2="7" tag="650">
		<subfield code="a">Muslim philosophers.</subfield>
		<subfield code="2">fast</subfield>
		<subfield code="0">(OCoLC)fst01030966</subfield>
	</datafield>
	<datafield ind1=" " ind2="7" tag="650">
		<subfield code="a">Philosophy, Arab.</subfield>
		<subfield code="2">fast</subfield>
		<subfield code="0">(OCoLC)fst01060873</subfield>
	</datafield>
	<datafield ind1=" " ind2="7" tag="655">
		<subfield code="a">Bibliography.</subfield>
		<subfield code="2">fast</subfield>
		<subfield code="0">(OCoLC)fst01423717</subfield>
	</datafield>
	<datafield ind1="2" ind2=" " tag="710">
		<subfield code="a">American University in Cairo.</subfield>
		<subfield code="b">Library.</subfield>
	</datafield>
	<datafield ind1="0" ind2=" " tag="730">
		<subfield code="a">Arabic Collections Online.</subfield>
	</datafield>
	<datafield ind1="0" ind2="8" tag="776">
		<subfield code="i">Online version:</subfield>
		<subfield code="a">Jumʻah, Muḥammad Luṭfī.</subfield>
		<subfield code="t">Tārīkh falāsifat al-Islām fī al-Mashriq wa-al-Maghrib.</subfield>
		<subfield code="d">Miṣr : Najīb Mitrī, 1927</subfield>
		<subfield code="w">(OCoLC)709530999</subfield>
	</datafield>
	<datafield ind1="0" ind2="8" tag="776">
		<subfield code="i">Print version:</subfield>
		<subfield code="a">Jumʻah, Muḥammad Luṭfī.</subfield>
		<subfield code="t">Tārīkh falāsifat al-Islām fī al-Mashriq wa-al-Maghrib</subfield>
		<subfield code="w">(UaCaAUL)b12559787</subfield>
		<subfield code="w">(OCoLC)23508321</subfield>
	</datafield>
	<datafield ind1="4" ind2="0" tag="856">
		<subfield code="u">http://hdl.handle.net/2333.1/jh9w13vx</subfield>
	</datafield>
	<datafield ind1="1" ind2=" " tag="880">
		<subfield code="6">100-01</subfield>
		<subfield code="a">جمعة، محمد لطفي.</subfield>
	</datafield>
	<datafield ind1="1" ind2="0" tag="880">
		<subfield code="6">245-02</subfield>
		<subfield code="a">تاريخ فلاسفة الإسلام في المشرق والمغرب :</subfield>
		<subfield code="b">لكندي، الفارابي، ابن سينا، الغزالي، ابن باجة، ابن طفيل، ابن رشد، ابن خلدون، إخوان الصفاء، ابن الهيثم، محيي الدين ابن العربي، ابن مسكوية  /</subfield>
		<subfield code="c">تأليف محمد لطفي جمعة.</subfield>
	</datafield>
	<datafield ind1=" " ind2="1" tag="880">
		<subfield code="6">264-03</subfield>
		<subfield code="a">مصر :</subfield>
		<subfield code="b">يطلب من ملتزم طبعه ونشره نجيب متري صاحب مطبعة المعارف ومكتبته،</subfield>
		<subfield code="c">1927 م، 1345 هـ.</subfield>
	</datafield>
	<datafield ind1=" " ind2=" " tag="959">
		<subfield code="a">NNU</subfield>
		<subfield code="b">WEB</subfield>
		<subfield code="c">GENI</subfield>
		<subfield code="t">0</subfield>
		<subfield code="m">Electronic access</subfield>
		<subfield code="s">01</subfield>
	</datafield>
	<datafield ind1=" " ind2=" " tag="999">
		<subfield code="i">UaCaAUL_b12559787</subfield>
		<subfield code="o">(OCoLC)ocm23508321 </subfield>
		<subfield code="s">auc_aco000520</subfield>
	</datafield>
</record>
